<record><leader>00000cas a22000007a 4500</leader><controlfield tag="001">12659599</controlfield><controlfield tag="008">851011d18861889wiuwr ne      0    0eng d</controlfield><datafield ind1=" " ind2=" " tag="010"><subfield code="a">sn 85041241 </subfield></datafield><datafield ind1=" " ind2=" " tag="040"><subfield code="a">NPV</subfield><subfield code="b">eng</subfield><subfield code="c">NPV</subfield><subfield code="d">OCLCQ</subfield></datafield><datafield ind1=" " ind2=" " tag="042"><subfield code="a">msc</subfield></datafield><datafield ind1=" " ind2=" " tag="045"><subfield code="a">w8w8</subfield></datafield><datafield ind1=" " ind2=" " tag="052"><subfield code="a">4123</subfield><subfield code="b">I5</subfield></datafield><datafield ind1="0" ind2="4" tag="245"><subfield code="a">The Rural eye.</subfield></datafield><datafield ind1="1" ind2="3" tag="246"><subfield code="a">Eye</subfield></datafield><datafield ind1=" " ind2=" " tag="260"><subfield code="a">Arena, Wis. :</subfield><subfield code="b">Thomas &amp; Peavy,</subfield><subfield code="c">-1889.</subfield></datafield><datafield ind1=" " ind2=" " tag="300"><subfield code="a">v.</subfield></datafield><datafield ind1=" " ind2=" " tag="310"><subfield code="a">Weekly</subfield></datafield><datafield ind1="0" ind2=" " tag="362"><subfield code="a">-v. 3, no. 40 (Aug. 29, 1889).</subfield></datafield><datafield ind1="1" ind2=" " tag="362"><subfield code="a">Began in Dec., 1886.</subfield><subfield code="z">Cf. Oehlerts, d. E. Guide to Wis. newspapers.</subfield></datafield><datafield ind1=" " ind2=" " tag="500"><subfield code="a">Published in Arena, Jan. 1, 1887-Nov. 23, 1888; in Dodgeville, Nov. 30, 1888-Aug. 29, 1889.</subfield></datafield><datafield ind1=" " ind2=" " tag="500"><subfield code="a">Editors: Thomas &amp; Peavy, &lt;Jan. 1, 1887&gt;-Nov. 23, 1888; M.D. Peavy, Nov. 30, 1888-Aug. 29, 1889.</subfield></datafield><datafield ind1=" " ind2=" " tag="530"><subfield code="a">Available on microfilm from the State Historical Society of Wisconsin.</subfield></datafield><datafield ind1=" " ind2=" " tag="588"><subfield code="a">Description based on: Vol. 1, no. 5 (Jan. 1, 1887).</subfield></datafield><datafield ind1=" " ind2=" " tag="752"><subfield code="a">United States</subfield><subfield code="b">Wisconsin</subfield><subfield code="c">Iowa</subfield><subfield code="d">Arena.</subfield></datafield><datafield ind1=" " ind2=" " tag="752"><subfield code="a">United States</subfield><subfield code="b">Wisconsin</subfield><subfield code="c">Iowa</subfield><subfield code="d">Dodgeville.</subfield></datafield><datafield ind1="0" ind2="7" tag="785"><subfield code="t">Eye and star</subfield><subfield code="w">(DLC)sn 85041242</subfield></datafield></record>